@article{NV-Heap,
 author = {Coburn, Joel and Caulfield, Adrian M. and Akel, Ameen and Grupp, Laura M. and Gupta, Rajesh K. and Jhala, Ranjit and Swanson, Steven},
 title = {NV-Heaps: Making Persistent Objects Fast and Safe with Next-generation, Non-volatile Memories},
 journal = {SIGPLAN Not.},
 issue_date = {March 2011},
 volume = {46},
 number = {3},
 month = mar,
 year = {2011},
 issn = {0362-1340},
 pages = {105--118},
 numpages = {14},
 url = {http://doi.acm.org/10.1145/1961296.1950380},
 doi = {10.1145/1961296.1950380},
 acmid = {1950380},
 publisher = {ACM},
 address = {New York, NY, USA},
 keywords = {acid transactions, memory mangement, non-volatile heap, persistent objects, phase-change memory, pointer safety, spin-torque transfer memory, transactional memory},
} 

@inproceedings{CDDS,
 author = {Venkataraman, Shivaram and Tolia, Niraj and Ranganathan, Parthasarathy and Campbell, Roy H.},
 title = {Consistent and Durable Data Structures for Non-volatile Byte-addressable Memory},
 booktitle = {Proceedings of the 9th USENIX Conference on File and Stroage Technologies},
 series = {FAST'11},
 year = {2011},
 isbn = {978-1-931971-82-9},
 location = {San Jose, California},
 pages = {5--5},
 numpages = {1},
 url = {http://dl.acm.org/citation.cfm?id=1960475.1960480},
 acmid = {1960480},
 publisher = {USENIX Association},
 address = {Berkeley, CA, USA},
} 

@inproceedings{NV-Tree,
 author = {Yang, Jun and Wei, Qingsong and Chen, Cheng and Wang, Chundong and Yong, Khai Leong and He, Bingsheng},
 title = {NV-Tree: Reducing Consistency Cost for NVM-based Single Level Systems},
 booktitle = {Proceedings of the 13th USENIX Conference on File and Storage Technologies},
 series = {FAST'15},
 year = {2015},
 isbn = {978-1-931971-201},
 location = {Santa Clara, CA},
 pages = {167--181},
 numpages = {15},
 url = {http://dl.acm.org/citation.cfm?id=2750482.2750495},
 acmid = {2750495},
 publisher = {USENIX Association},
 address = {Berkeley, CA, USA},
} 

@inproceedings{WORT,
 author = {Lee, Se Kwon and Lim, K. Hyun and Song, Hyunsub and Nam, Beomseok and Noh, Sam H.},
 title = {WORT: Write Optimal Radix Tree for Persistent Memory Storage Systems},
 booktitle = {Proceedings of the 15th Usenix Conference on File and Storage Technologies},
 series = {FAST'17},
 year = {2017},
 isbn = {978-1-931971-36-2},
 location = {Santa clara, CA, USA},
 pages = {257--270},
 numpages = {14},
 url = {http://dl.acm.org/citation.cfm?id=3129633.3129657},
 acmid = {3129657},
 publisher = {USENIX Association},
 address = {Berkeley, CA, USA},
} 

@ARTICLE{Garcia-molina92mainmemory,
    author = {Hector Garcia-molina and Kenneth Salem},
    title = {Main memory database systems: An overview},
    journal = {IEEE Transactions on Knowledge and Data Engineering},
    year = {1992},
    volume = {4},
    pages = {509--516}
}

@inproceedings{Cuckoo,
 author = {Li, Xiaozhou and Andersen, David G. and Kaminsky, Michael and Freedman, Michael J.},
 title = {Algorithmic Improvements for Fast Concurrent Cuckoo Hashing},
 booktitle = {Proceedings of the Ninth European Conference on Computer Systems},
 series = {EuroSys '14},
 year = {2014},
 isbn = {978-1-4503-2704-6},
 location = {Amsterdam, The Netherlands},
 pages = {27:1--27:14},
 articleno = {27},
 numpages = {14},
 url = {http://doi.acm.org/10.1145/2592798.2592820},
 doi = {10.1145/2592798.2592820},
 acmid = {2592820},
 publisher = {ACM},
 address = {New York, NY, USA},
} 

@inproceedings {levelhashing,
author = {Pengfei Zuo and Yu Hua and Jie Wu},
title = {Write-Optimized and High-Performance Hashing Index Scheme for Persistent Memory},
booktitle = {13th {USENIX} Symposium on Operating Systems Design and Implementation ({OSDI} 18)},
year = {2018},
isbn = {978-1-931971-47-8},
address = {Carlsbad, CA},
pages = {461--476},
url = {https://www.usenix.org/conference/osdi18/presentation/zuo},
publisher = {{USENIX} Association},
}

@inproceedings{PFHT,
 author = {Debnath, Biplob and Haghdoost, Alireza and Kadav, Asim and Khatib, Mohammed G. and Ungureanu, Cristian},
 title = {Revisiting Hash Table Design for Phase Change Memory},
 booktitle = {Proceedings of the 3rd Workshop on Interactions of NVM/FLASH with Operating Systems and Workloads},
 series = {INFLOW '15},
 year = {2015},
 isbn = {978-1-4503-3945-2},
 location = {Monterey, California},
 pages = {1:1--1:9},
 articleno = {1},
 numpages = {9},
 url = {http://doi.acm.org/10.1145/2819001.2819002},
 doi = {10.1145/2819001.2819002},
 acmid = {2819002},
 publisher = {ACM},
 address = {New York, NY, USA},
} 

@ARTICLE{pathhashing, 
author={P. Zuo and Y. Hua}, 
journal={IEEE Transactions on Parallel and Distributed Systems}, 
title={A Write-Friendly and Cache-Optimized Hashing Scheme for Non-Volatile Memory Systems}, 
year={2018}, 
volume={29}, 
number={5}, 
pages={985-998}, 
keywords={cache storage;data structures;random-access storage;cache-optimized hashing scheme;nonvolatile memory systems;nonvolatile memory technologies;NVMs;low-level memory devices;high-level in-memory;in-cache data structure design;NVM device properties;main memory;write-friendly hashing scheme;hash-collision resolution method;double-path hashing;path shortening techniques;hash tables;cache-optimized path;cache line utilization;data structure;hashing schemes;path hashing;cache efficiency;Nonvolatile memory;Random access memory;Data structures;Phase change materials;Probes;Memory management;Indexes;Non-volatile memory;hashing scheme;write endurance;collision resolution}, 
doi={10.1109/TPDS.2017.2782251}, 
ISSN={1045-9219}, 
month={May},}

@inproceedings {bplustree,
author = {Deukyeon Hwang and Wook-Hee Kim and Youjip Won and Beomseok Nam},
title = {Endurable Transient Inconsistency in Byte-Addressable Persistent B+-Tree},
booktitle = {16th {USENIX} Conference on File and Storage Technologies ({FAST} 18)},
year = {2018},
isbn = {978-1-931971-42-3},
address = {Oakland, CA},
pages = {187--200},
url = {https://www.usenix.org/conference/fast18/presentation/hwang},
publisher = {{USENIX} Association},
}

@MISC{PCM,
    author = {Shimin Chen and Phillip B. Gibbons and Suman Nath},
    title = {Rethinking Database Algorithms for Phase Change Memory},
    year = {}
}

@inproceedings{strata,
 author = {Kwon, Youngjin and Fingler, Henrique and Hunt, Tyler and Peter, Simon and Witchel, Emmett and Anderson, Thomas},
 title = {Strata: A Cross Media File System},
 booktitle = {Proceedings of the 26th Symposium on Operating Systems Principles},
 series = {SOSP '17},
 year = {2017},
 isbn = {978-1-4503-5085-3},
 location = {Shanghai, China},
 pages = {460--477},
 numpages = {18},
 url = {http://doi.acm.org/10.1145/3132747.3132770},
 doi = {10.1145/3132747.3132770},
 acmid = {3132770},
 publisher = {ACM},
 address = {New York, NY, USA},
 keywords = {File system, Multi-layer storage, Non-volatile memory},
}

@inproceedings{git_levelhashing,
 author = {Github.},
 title = {Level-Hashing: Write-Optimized and High-Performance Hashing Index Scheme for Persistent Memory (\url{https://github.com/Pfzuo/Level-Hashing})},
 url = {https://github.com/Pfzuo/Level-Hashing},
}

@inproceedings{libpmem,
 author = {pmem.io: PMDK},
 title = {Persistent Memory Programming (\url{https://pmem.io/pmdk/})},
 url = {https://pmem.io/pmdk/},
}

@inproceedings{PMFS,
 author = {Dulloor, Subramanya R. and Kumar, Sanjay and Keshavamurthy, Anil and Lantz, Philip and Reddy, Dheeraj and Sankaran, Rajesh and Jackson, Jeff},
 title = {System Software for Persistent Memory},
 booktitle = {Proceedings of the Ninth European Conference on Computer Systems},
 series = {EuroSys '14},
 year = {2014},
 isbn = {978-1-4503-2704-6},
 location = {Amsterdam, The Netherlands},
 pages = {15:1--15:15},
 articleno = {15},
 numpages = {15},
 url = {http://doi.acm.org/10.1145/2592798.2592814},
 doi = {10.1145/2592798.2592814},
 acmid = {2592814},
 publisher = {ACM},
 address = {New York, NY, USA},
} 

@inproceedings{BPFS,
  title={Better I/O through byte-addressable, persistent memory},
  author={Condit, Jeremy and Nightingale, Edmund B and Frost, Christopher and Ipek, Engin and Lee, Benjamin and Burger, Doug and Coetzee, Derrick},
  booktitle={Proceedings of the ACM SIGOPS 22nd symposium on Operating systems principles},
  pages={133--146},
  year={2009},
  organization={ACM}
}

@article{leveldb,
  title={LevelDB: A fast persistent key-value store},
  author={Dean, J and Ghemawat, S},
  journal={Jul},
  volume={27},
  pages={1--6},
  year={2011}
}

@inproceedings{atikoglu2012workload,
  title={Workload analysis of a large-scale key-value store},
  author={Atikoglu, Berk and Xu, Yuehai and Frachtenberg, Eitan and Jiang, Song and Paleczny, Mike},
  booktitle={ACM SIGMETRICS Performance Evaluation Review},
  volume={40},
  number={1},
  pages={53--64},
  year={2012},
  organization={ACM}
}

@inproceedings{sqlite,
 author = {SQLite},
 title = {\url{https://www.sqlite.org}},
}

@inproceedings{redis,
 author = {Redis},
 title = {\url{https://redis.io/}},
}

@misc{fitzpatrick2011memcached,
  title={Memcached: a distributed memory object caching system},
  author={Fitzpatrick, Brad and Vorobey, Anatoly},
  year={2011}
}

@inproceedings{tweedie1998journaling,
  title={Journaling the Linux ext2fs filesystem},
  author={Tweedie, Stephen C and others},
  booktitle={The Fourth Annual Linux Expo},
  year={1998}
}

@inproceedings{axboe2004linux,
  title={Linux block IOâ€”present and future},
  author={Axboe, Jens},
  booktitle={Ottawa Linux Symp},
  pages={51--61},
  year={2004}
}

@inproceedings{bufferhead,
 author = {\text{The} buffer\_head structure},
 title = {\url{https://lwn.net/Articles/322674/}},
}

[download]